%% This BibTeX bibliography file was created using BibDesk.
%% https://bibdesk.sourceforge.io/

%% Created for Sushil Shrestha at 2019-10-18 06:49:00 -1000 


%% Saved with string encoding Unicode (UTF-8) 



@inproceedings{brodal2004cache,
	Author = {Brodal, Gerth St{\o}lting and Fagerberg, Rolf and Meyer, Ulrich and Zeh, Norbert},
	Booktitle = {Scandinavian Workshop on Algorithm Theory},
	Date-Added = {2019-10-18 06:36:46 +0000},
	Date-Modified = {2019-10-18 06:36:46 +0000},
	Organization = {Springer},
	Pages = {480--492},
	Title = {Cache-oblivious data structures and algorithms for undirected breadth-first search and shortest paths},
	Year = {2004}}
