@article{vitter2008algorithms,
    title={Algorithms and data structures for external memory},
    author={Vitter, Jeffrey Scott and others},
    journal={Foundations and Trends{\textregistered} in Theoretical Computer Science},
    volume={2},
    number={4},
    pages={305--474},
    year={2008},
    publisher={Now Publishers, Inc.}
}

@article{demaine2002cache,
    title={Cache-oblivious algorithms and data structures},
    author={Demaine, Erik D},
    journal={Lecture Notes from the EEF Summer School on Massive Data Sets},
    volume={8},
    number={4},
    pages={1--249},
    year={2002}
}

@inproceedings{kumar1996improved,
    title={Improved algorithms and data structures for solving graph problems in external memory},
    author={Kumar, Vijay and Schwabe, Eric J},
    booktitle={Proceedings of SPDP'96: 8th IEEE Symposium on Parallel and Distributed Processing},
    pages={169--176},
    year={1996},
    organization={IEEE}
}

@inproceedings{brodal2004cache,
    title={Cache-oblivious data structures and algorithms for undirected breadth-first search and shortest paths},
    author={Brodal, Gerth St{\o}lting and Fagerberg, Rolf and Meyer, Ulrich and Zeh, Norbert},
    booktitle={Scandinavian Workshop on Algorithm Theory},
    pages={480--492},
    year={2004},
    organization={Springer}
}

@book{rosen1999discrete,
    title={Discrete Mathematics \& Applications},
    author={Rosen, Kenneth H},
    year={1999},
    publisher={Mcgraw-Hill}
}

@misc{network, title={Network data}, url={http://www-personal.umich.edu/~mejn/netdata/}, journal={Network data}}

