%% This BibTeX bibliography file was created using BibDesk.
%% https://bibdesk.sourceforge.io/

%% Created for Sushil Shrestha at 2019-10-22 12:02:16 -1000 


%% Saved with string encoding Unicode (UTF-8) 



@book{cormen_leiserson_rivest_stein,
	Author = {Cormen, Thomas H.. and Leiserson, Charles Eric. and Rivest, Ronald L. and Stein, Clifford},
	Date-Added = {2019-10-22 22:00:58 +0000},
	Date-Modified = {2019-10-22 22:00:58 +0000},
	Title = {Introduction to algorithms}}

@inproceedings{brodal2004cache,
	Author = {Brodal, Gerth St{\o}lting and Fagerberg, Rolf and Meyer, Ulrich and Zeh, Norbert},
	Booktitle = {Scandinavian Workshop on Algorithm Theory},
	Date-Added = {2019-10-18 06:36:46 +0000},
	Date-Modified = {2019-10-18 06:36:46 +0000},
	Organization = {Springer},
	Pages = {480--492},
	Title = {Cache-oblivious data structures and algorithms for undirected breadth-first search and shortest paths},
	Year = {2004}}
